@ARTICLE{harlow:2009:milli,  
author={Harlow, R. Chawn},  
journal=I3TGRS,   
title={Millimeter Microwave Emissivities and Effective Temperatures of Snow-Covered Surfaces: Evidence for Lambertian Surface Scattering},   
year={2009},  
volume={47},  
number={7},  
pages={1957-1970},  
doi={10.1109/TGRS.2008.2011893}}

@ARTICLE{harlow:2012:tundr,
author={Harlow, R. Chawn and Essery, Richard},  
journal={IEEE Transactions on Geoscience and Remote Sensing},   
title={Tundra Snow Emissivities at MHS Frequencies: MEMLS Validation Using Airborne Microwave Data Measured During CLPX-II},   
year={2012},  
volume={50},  
number={11},  
pages={4262-4278},  
doi={10.1109/TGRS.2012.2193132}}

@INPROCEEDINGS{hewison:2002:airbo,  
author={Hewison, T.J. and Selbach, N. and Heygster, G. and Taylor, J.P. and McGrath, A.J.},  booktitle={IEEE International Geoscience and Remote Sensing Symposium},   
title={Airborne measurements of Arctic sea ice, glacier and snow emissivity at 24-183 GHz},   year={2002},  
volume={5},  
number={},  
pages={2851-2855 vol.5},  
doi={10.1109/IGARSS.2002.1026797}}

@Article{kaur:2021:canma,
	AUTHOR = {Kaur, I. and Eriksson, P. and Pfreundschuh, S. and Duncan, D. I.},
	TITLE = {Can machine learning correct microwave humidity radiances for the influence of clouds?},
	JOURNAL = AMT,
	VOLUME = {14},
	YEAR = {2021},
	NUMBER = {4},
	PAGES = {2957--2979},
	DOI = {10.5194/amt-14-2957-2021}
}

@article{lawrence:2019:usean,
	author = {Lawrence, Heather and Bormann, Niels and Sandu, Irina and Day, Jonathan and Farnan, Jacky and Bauer, Peter},
	title = {Use and impact of Arctic observations in the ECMWF Numerical Weather Prediction system},
	journal = QJRMS,
	volume = {145},
	number = {725},
	pages = {3432-3454},
	doi = {https://doi.org/10.1002/qj.3628},
	year = {2019}
}

@article{miao:2001:atmos,
	author = {Miao, Jungang and Kunzi, Klaus and Heygster, Georg and Lachlan-Cope, Tom A. and Turner, John},
	title = {Atmospheric water vapor over Antarctica derived from Special Sensor Microwave/Temperature 2 data},
	journal = JGR,
	volume = {106},
	number = {D10},
	pages = {10187-10203},
	doi = {https://doi.org/10.1029/2000JD900811},
	year = {2001}
}

@Article{scarlat:2018:retri,
	AUTHOR = {Scarlat, R. C. and Melsheimer, C. and Heygster, G.},
	TITLE = {Retrieval of total water vapour in the Arctic using microwave humidity sounders},
	JOURNAL = AMT,
	VOLUME = {11},
	YEAR = {2018},
	NUMBER = {4},
	PAGES = {2067--2084},
	
	DOI = {10.5194/amt-11-2067-2018}
}

@ARTICLE{scarlat:2017:exper,  
	author={Scarlat, Raul Cristian and Heygster, Georg and Pedersen, Leif Toudal},  
	journal=I3EJSTARS,   
	title={Experiences With an Optimal Estimation Algorithm for Surface and Atmospheric Parameter Retrieval From Passive Microwave Data in the Arctic},
	year={2017},  
	volume={10},  
	number={9},  
	pages={3934-3947},  
	doi={10.1109/JSTARS.2017.2739858}}




@ARTICLE{zabolotskikh:2020:anadv,  
	author={Zabolotskikh, Elizaveta V. and Khvorostovsky, Kirill S. and Chapron, Bertrand},  journal=I3ETGRS,   
	title={An Advanced Algorithm to Retrieve Total Atmospheric Water Vapor Content From the Advanced Microwave Scanning Radiometer Data Over Sea Ice and Sea Water Surfaces in the Arctic},   year={2020},  
	volume={58},  
	number={5},  
	pages={3123-3135},  
	doi={10.1109/TGRS.2019.2948289}}





