@Article{baralakas:intro:21,
AUTHOR = {Barlakas, V. and Geer, A. J. and Eriksson, P.},
TITLE = {Introducing hydrometeor orientation into all-sky
microwave/sub-millimeter assimilation},
JOURNAL = AMT,
VOLUME = {accepted},
YEAR = {2021},
DOI = {10.5194/amt-2020-442}
}


%-----------------------------------------------------------------------------
%=   2020
%-----------------------------------------------------------------------------

@article{barlakas:three:20,
  AUTHOR = {V. Barlakas and P. Eriksson},
  TITLE = {Three dimensional radiative effects in passive
  millimeter / sub-millimeter all-sky observations},
  JOURNAL = {Remote Sensing},
  VOLUME = {12},
  YEAR = {2020},
  NUMBER = {3},
  ARTICLE-NUMBER = {531},
  ISSN = {2072-4292},
  DOI = {10.3390/rs12030531}
}

@article{brath:micro:20,
  AUTHOR = {Brath, M. and Ekelund, R. and Eriksson, P. and Lemke, O. and Buehler, S. A.},
  TITLE = {Microwave and submillimeter wave scattering of oriented ice particles},
  JOURNAL = AMT,
  VOLUME = {13},
  YEAR = {2020},
  NUMBER = {5},
  PAGES = {2309--2333},
  DOI = {10.5194/amt-13-2309-2020}
}

@article{vonclarmann:uncer:20,
  AUTHOR = {von Clarmann, T. and Degenstein, D. A. and Livesey, N. J. and
                  Bender, S. and Braverman, A. and Butz, A. and Compernolle, S.
                  and Damadeo, R. and Dueck, S. and Eriksson, P. and Funke, B.
                  and Johnson, M. C. and Kasai, Y. and Keppens, A. and
                  Kleinert, A. and Kramarova, N. A. and Laeng, A. and
                  Langerock, B. and Payne, V. H. and Rozanov, A. and Sato, T.
                  O. and Schneider, M. and Sheese, P. and Sofieva, V. and
                  Stiller, G. P. and von Savigny, C. and Zawada, D.},
  TITLE = {Overview: {E}stimating and reporting uncertainties in remotely sensed
                  atmospheric composition and temperature},
  JOURNAL = AMT,
  VOLUME = {13},
  YEAR = {2020},
  NUMBER = {8},
  PAGES = {4393--4436},
  DOI = {10.5194/amt-13-4393-2020}
}

@article{ekelund:using:20,
  AUTHOR = {R. Ekelund and P. Eriksson and S. Pfreundschuh},
  TITLE = {Using passive and active observations at microwave and
           sub-millimetre wavelengths to constrain ice particle models},
  JOURNAL = AMT,
  VOLUME = {13},
  YEAR = {2020},
  NUMBER = {2},
  PAGES = {501--520},
  DOI = {10.5194/amt-13-501-2020}
}

@article{ekelund:micro:20,
  title={Microwave single-scattering properties of non-spheroidal raindrops},
  author={R. Ekelund and P. Eriksson and M. Kahnert},
  journal=AMT,
  volume={13},
  number={12},
  pages={6933--6944},
  year={2020},
  DOI = {10.5194/amt-13-6933-2020}
}

@article{eriksson:towar:20,
  AUTHOR = {P. Eriksson and B. Rydberg and V. Mattioli and A. Thoss and
            C. Accadia and U. Klein and S. A. Buehler},
  TITLE = {Towards an operational {Ice Cloud Imager (ICI)} retrieval product},
  JOURNAL = AMT,
  VOLUME = 13,
  YEAR = 2020,
  NUMBER = 1,
  PAGES = {53--71},
  DOI = {10.5194/amt-13-53-2020}
}

@article{grieco.recov:20,
  AUTHOR = {Grieco, F. and P\'erot, K. and Murtagh, D. and Eriksson, P. and
            Forkman, P. and Rydberg, B. and Funke, B. and Walker, K. A. and Pumphrey, H. C.},
  TITLE = {Recovery and validation of Odin/SMR long-term measurements of mesospheric carbon monoxide},
  JOURNAL = AMT,
  VOLUME = {13},
  YEAR = {2020},
  NUMBER = {9},
  PAGES = {5013--5031},
  DOI = {10.5194/amt-13-5013-2020}
}

@article{pfreundschuh:syner:20,
  AUTHOR = {Pfreundschuh, S. and Eriksson, P. and Buehler, S. A. and Brath, M. and
            Duncan, D. and Larsson, R. and Ekelund, R.},
  TITLE = {Synergistic radar and radiometer retrievals of ice hydrometeors},
  JOURNAL = AMT,
  VOLUME = {13},
  YEAR = {2020},
  NUMBER = {8},
  PAGES = {4219--4245},
  DOI = {10.5194/amt-13-4219-2020}
}

%-----------------------------------------------------------------------------
%=   2019
%-----------------------------------------------------------------------------

@article{aires:towar:19,
  AUTHOR = {F. Aires and C. Prigent and S. A. Buehler and P. Eriksson and M.
            Milz and S. Crewell},
  TITLE = {Towards more realistic hypotheses for the information content
           analysis of cloudy/precipitating situations -- {A}pplication
           to an hyper-spectral instrument in the microwaves},
  JOURNAL = {Q. J. R. Meteorol. Soc.},
  volume = {145},
  number = {718},
  PAGES = {1--14},
  YEAR = {2019},
  DOI = {10.1002/qj.3315},  
}

@article{duncan:anexp:19,
  AUTHOR = {D. I. Duncan and P. Eriksson and S. Pfreundschuh},
  TITLE = {An experimental {2D-Var} retrieval using {AMSR2}},
  JOURNAL = AMT,
  VOLUME = {12},
  YEAR = {2019},
  NUMBER = {12},
  PAGES = {6341--6359},
  DOI = {10.5194/amt-12-6341-2019}
}

@article{duncan:onthe:19,
  AUTHOR = {D. I. Duncan and P. Eriksson and S. Pfreundschuh and
            C. Klepp  and D. C. Jones},
  TITLE = {On the distinctiveness of observed oceanic raindrop distributions},
  JOURNAL = ACP,
  VOLUME = {19},
  YEAR = {2019},
  NUMBER = {10},
  PAGES = {6969--6984},
  DOI = {10.5194/acp-19-6969-2019}
}

@article{ekelund:impac:19,
  AUTHOR = {R. Ekelund and P. Eriksson},
  TITLE = {Impact of ice aggregate parameters on microwave and sub-millimetre
           scattering properties},
  JOURNAL = JQSRT,
  VOLUME = {224},
  PAGES = {233-246},
  YEAR = {2019},
  DOI = {doi.org/10.1016/j.jqsrt.2018.11.013},
}

@article{fox:airbo:19,
  AUTHOR = {S. Fox and J. Mendrok and P. Eriksson and R. Ekelund and
            S. J. O'Shea and K. N. Bower and A. J. Baran and R. C. Harlow and
            J. C. Pickering},
  TITLE = {Airborne validation of radiative transfer modelling of ice clouds at
           millimetre and sub-millimetre wavelengths},
  JOURNAL = AMT,
  VOLUME = {12},
  YEAR = {2019},
  NUMBER = {3},
  PAGES = {1599--1617},
  DOI = {10.5194/amt-12-1599-2019},
}

@article{hogberg:thesp:19,
  AUTHOR = {C. H\"ogberg and S. Lossow and F. Khosrawi and R. Bauer and
            K. A. Walker and P. Eriksson and D. P. Murtagh and G. P. Stiller and
            J. Steinwagner and Q. Zhang},
  TITLE = {The SPARC water vapour assessment II: profile-to-profile and
           climatological comparisons of stratospheric
           $\delta{D}(H_{2}O)$ observations from satellite},
  JOURNAL = ACP,
  VOLUME = {19},
  YEAR = {2019},
  NUMBER = {4},
  PAGES = {2497--2526},
  DOI = {10.5194/acp-19-2497-2019},
}

@article{larssson:update:19,
  author = {R. Larsson and B. Lankhaar and P. Eriksson},
  title = {Updated Zeeman effect splitting coefficients for molecular oxygen
           in planetary applications},
  journal = JQSRT,
  volume = {224},
  pages = {431--438},
  year = {2019},
  doi = {doi.org/10.1016/j.jqsrt.2018.12.004},
}

@article{lossow:thesp:19,
  AUTHOR = {S. Lossow and F. Khosrawi and M. Kiefer and K. A. Walker and
            J.-L. Bertaux and L. Blanot and J. M. Russell and E. E. Remsberg and
            J. C. Gille and T. Sugita and C. E. Sioris and B. M. Dinelli and
            E. Papandrea and P. Raspollini and M. Garc\'{\i}a-Comas and
            G. P. Stiller and T. von Clarmann and P. Dudhia and W. G.Read and
            G. E. Nedoluha and R. P. Damadeo and J. M. Zawodny and K. Weigel and
            A. Rozanov and F. Azam and K. Bramstedt and S. No\"el and
            J. P. Burrows and H. Sagawa and Y. Kasai and J. Urban and
            P. Eriksson and D. P. Murtagh and M. E. Hervig and C. H\"ogberg and
            D. F. Hurst and K. H. Rosenlof},
  TITLE = {The SPARC water vapour assessment II: profile-to-profile comparisons
           of stratospheric and lower mesospheric water vapour data sets
           obtained from satellites},
  JOURNAL = AMT,
  VOLUME = {12},
  YEAR = {2019},
  NUMBER = {5},
  PAGES = {2693--2732},
  DOI = {10.5194/amt-12-2693-2019}
}

@article{mattioli:atmos:19,
author = {V. Mattioli and C. Accadia and C. Prigent and S. Crewell and
  A. Geer and P. Eriksson and S. Fox and J. R. Pardo and E. J. Mlawer and
  M. Cadeddu and M. Bremer and C. De Breuck and A. Smette and D. Cimini and
  E. Turner and M. Mech and F. S. Marzano and P. Brunel and J. Vidot and
  R. Bennartz and T. Wehr and S. Di Michele and V. O. John},
  title = {Atmospheric gas absorption knowledge in the submillimeter: Modeling,
    field measurements, and uncertainty quantification},
  journal = BAMS,
  volume = {100},
  number = {12},
  pages = {ES291-ES295},
  year = {2019},
  doi = {10.1175/BAMS-D-19-0074.1},
}




%-----------------------------------------------------------------------------
%=   2018
%-----------------------------------------------------------------------------

@article{baron:simul:18,
  AUTHOR = {P. Baron and D. Murtagh and P. Eriksson and J. Mendrok and
            S. Ochiai and K. P\'erot and H. Sagawa and M. Suzuki},
  TITLE = {Simulation study for the {Stratospheric Inferred Winds (SIW)}
           sub-millimeter limb sounder},
  JOURNAL = AMT,
  VOLUME = {11},
  YEAR = {2018},
  NUMBER = {7},
  PAGES = {4545--4566},
  DOI = {10.5194/amt-11-4545-2018},
}

@article{brath:retre:18,
  AUTHOR = {M. Brath and S. Fox and P. Eriksson and R. C. Harlow and
            M. Burgdorf and S. A. Buehler},
  TITLE = {Retrieval of an ice water path over the ocean from {ISMAR} and {MARSS}
           millimeter and submillimeter brightness temperatures},
  JOURNAL = AMT,
  VOLUME = {11},
  YEAR = {2018},
  NUMBER = {1},
  PAGES = {611--632},
  DOI = {10.5194/amt-11-611-2018},
}

@article{buehler:artst:18,
  AUTHOR = {S. A. Buehler and J. Mendrok and P. Eriksson and A. Perrin and
            R. Larsson and O. Lemke},
  TITLE = {{ARTS, the Atmospheric Radiative Transfer Simulator} -- version 2.2,
           the planetary toolbox edition},
  JOURNAL = GMD,
  VOLUME = {11},
  YEAR = {2018},
  NUMBER = {4},
  PAGES = {1537--1556},
  DOI = {10.5194/gmd-11-1537-2018},
}

@article{duncan:anupd:18,
  AUTHOR = {D. I. Duncan and P. Eriksson},
  TITLE = {An update on global atmospheric ice estimates from satellite
           observations and reanalyses},
  JOURNAL = ACP,
  VOLUME = {18},
  YEAR = {2018},
  NUMBER = {15},
  PAGES = {11205--11219},
  DOI = {10.5194/acp-18-11205-2018},
}

@article{eriksson:agene:18,
  AUTHOR = {P. Eriksson and R. Ekelund and J. Mendrok and M. Brath and
            O. Lemke and S. A. Buehler},
  TITLE = {A general database of hydrometeor single scattering properties at
    microwave and sub-millimetre wavelengths},
  JOURNAL = ESSD,
  VOLUME = {10},
  YEAR = {2018},
  NUMBER = {3},
  PAGES = {1301--1326},
  DOI = {10.5194/essd-10-1301-2018},
}

@article{grutzun:allsk:18,
  AUTHOR = {V. Gr\"utzun and S. A. Buehler and L. Kluft and J. Mendrok and
            M. Brath and P. Eriksson},
  TITLE = {All-sky information content analysis for novel passive microwave instruments in the range from 23.8 to 874.4\,GHz},
  JOURNAL = AMT,
  VOLUME = {11},
  YEAR = {2018},
  NUMBER = {7},
  PAGES = {4217--4237},
  DOI = {10.5194/amt-11-4217-2018},
}

@article{khosrawi:thesp:18,
  AUTHOR = {F. Khosrawi and S. Lossow and G. P. Stiller and K. H. Rosenlof and
            J. Urban and J. P. Burrows and R. P. Damadeo and P. Eriksson and
            M. Garc\'{\i}a-Comas and J. C. Gille and Y. Kasai and M. Kiefer and
            G. E. Nedoluha and S. No\"el and P. Raspollini and W. G. Read and
            A. Rozanov and C. E. Sioris and K. Walker and K. Weigel},
  TITLE = {The {SPARC} water vapour assessment II: comparison of stratospheric
           and lower mesospheric water vapour time series observed from satellites},
  JOURNAL = AMT,
  VOLUME = {11},
  YEAR = {2018},
  NUMBER = {7},
  PAGES = {4435--4463},
  DOI = {10.5194/amt-11-4435-2018},
}

@article{kiviranta:anemp:18,
  AUTHOR = {J. Kiviranta and K. P\'erot and P. Eriksson and D. Murtagh},
  TITLE = {An empirical model of nitric oxide in the upper mesosphere and
           lower thermosphere based on 12 years of Odin~SMR measurements},
  JOURNAL = ACP,
  VOLUME = {18},
  YEAR = {2018},
  NUMBER = {18},
  PAGES = {13393--13410},
  DOI = {10.5194/acp-18-13393-2018},
}

@article{kneifel:summe:18,
  author = {S. Kneifel and J. D. Neto and D. Ori and D. Moisseev and
            J. Tyynelä and I. S. Adams and K.-S. Kuo and R. Bennartz and
            A. Berne and E. E. Clothiaux and P. Eriksson and A. J. Geer and
            R. Honeyager and J. Leinonen and C. D. Westbrook},
  title = {Summer snowfall workshop: {S}cattering properties of realistic
           frozen hydrometeors from simulations and observations, as well as
           defining a new standard for scattering databases},
  journal = BAMS,
  volume = {99},
  number = {3},
  pages = {ES55-ES58},
  year = {2018},
  doi = {10.1175/BAMS-D-17-0208.1},
}

@article{pfreundschuh:aneur:18,
  AUTHOR = {S. Pfreundschuh and P. Eriksson and D. Duncan and B. Rydberg and
            N. H{\aa}kansson and A. Thoss},
  TITLE = {A neural network approach to estimating a posteriori distributions
           of Bayesian retrieval problems},
  JOURNAL = AMT,
  VOLUME = {11},
  YEAR = {2018},
  NUMBER = {8},
  PAGES = {4627--4643},
  DOI = {10.5194/amt-11-4627-2018},
}



%-----------------------------------------------------------------------------
%=   2017
%-----------------------------------------------------------------------------

@article{larsson:marti:17,
  AUTHOR = {R. Larsson and M. Milz and P. Eriksson and J. Mendrok and
            Y. Kasai and S. Buehler and C. Di\'eval and D. Brain and P. Hartogh},
  TITLE = {Martian magnetism with orbiting sub-millimeter sensor: simulated
           retrieval system},
  JOURNAL = GI,
  VOLUME = {6},
  YEAR = {2017},
  NUMBER = {1},
  PAGES = {27--37},
  DOI = {10.5194/gi-6-27-2017},
}

@article{lossow:thesp:17,
  AUTHOR = {S. Lossow and F. Khosrawi and G. Nedoluha and F. Azam and
            K. Bramstedt and J. P. Burrows and B. M. Dinelli and P. Eriksson and
            P. J. Espy and M. Garcia-Comas and J. C. Gille and M. Kiefer and
            S. No\"el and P. Raspollini and W. G. Read and K. H. Rosenlof and
            A. Rozanov and C. E. Sioris and G. P. Stiller and K. A. Walker and
            K. Weigel},
  TITLE = {The {SPARC} water vapour assessment {II}: comparison of annual,
           semi-annual and quasi-biennial variations in stratospheric and
           lower mesospheric water vapour observed from satellites},
  JOURNAL = AMT,
  VOLUME = {10},
  YEAR = {2017},
  NUMBER = {3},
  PAGES = {1111--1137},
  DOI = {10.5194/amt-10-1111-2017},
}


%-----------------------------------------------------------------------------
%=   2016
%-----------------------------------------------------------------------------

@article{christensen:there:16,
  AUTHOR = {O. M. Christensen and S. Benze and P. Eriksson and J. Gumbel and
            L. Megner and D. P. Murtagh},
  TITLE = {The relationship between polar mesospheric clouds and their
                  background atmosphere as observed by {Odin-SMR and Odin-OSIRIS}},
  JOURNAL = ACP,
  VOLUME = {16},
  YEAR = {2016},
  NUMBER = {19},
  PAGES = {12587--12600},
  DOI = {10.5194/acp-16-12587-2016},
}

@article{forkman:acomp:16,
  AUTHOR  = {P. Forkman and O. M. Christensen and P. Eriksson and B.Billade and 
             V. Vassilev and V. M. Shulga},
  TITLE   = {A compact receiver system for simultaneous measurements of mesospheric 
             {CO and $O_3$}},
  JOURNAL = GI,
  VOLUME  = {5},
  YEAR    = {2016},
  NUMBER  = {1},
  PAGES   = {27--44},
  DOI     = {10.5194/gi-5-27-2016},
}

@article{larsson:model:16,
  AUTHOR = {R. Larsson and M. Milz and P. Rayer and R. Saunders and W. Bell and 
            A. Booton and S. A. Buehler and P. Eriksson and V. O. John},
  TITLE = {Modeling the {Zeeman} effect in high-altitude {SSMIS}  channels for 
           numerical weather prediction profiles: comparing a fast model and a 
           line-by-line model},
  JOURNAL = AMT,
  VOLUME = {9},
  YEAR = {2016},
  NUMBER = {2},
  PAGES = {841--857},
  DOI = {10.5194/amt-9-841-2016},
}

@article{moradi:diurn:16,
  AUTHOR  = {I. Moradi and P. Arkin and R. Ferraro and P. Eriksson and E. Fetzer},
  TITLE   = {Diurnal variation of tropospheric relative humidity in tropical regions},
  JOURNAL = ACP,
  VOLUME  = {16},
  YEAR    = {2016},
  NUMBER  = {11},
  PAGES   = {6913--6929},
  DOI     = {10.5194/acp-16-6913-2016},
}


%-----------------------------------------------------------------------------
%=   2015
%-----------------------------------------------------------------------------

﻿@article{aires:micro:15,
  author = {F. Aires and C. Prigent and E. Orlandi and M. Milz and 
            P. Eriksson and S. Crewell and C. C. Lin and V. Kangas},
  title = {Microwave hyperspectral measurements for temperature and humidity
                    atmospheric profiling from satellite: {T}he clear-sky case},
  journal = JGR,
  volume = {120},
  number = {21},
  issn = {2169-8996},
  doi = {10.1002/2015JD023331},
  pages = {11334--11351},
  year = {2015},
}

@article{christensen:tomog:15,
  AUTHOR = {O. M. Christensen and P. Eriksson and J. Urban and D. Murtagh and 
       K. Hultgren and J. Gumbel},
  TITLE = {Tomographic retrieval of water vapour and temperature around polar 
      mesospheric clouds using {Odin-SMR}},
  JOURNAL = AMT,
  VOLUME = {8},
  YEAR = {2015},
  NUMBER = {5},
  PAGES = {1981--1999},
  DOI = {10.5194/amt-8-1981-2015},
}

@article{eriksson:onthe:15,
  AUTHOR = {P. Eriksson and M. Jamali and J. Mendrok and S. A. Buehler},
  TITLE = {On the microwave optical properties of randomly oriented ice 
    hydrometeors},
  JOURNAL = AMT,
  VOLUME = {8},
  YEAR = {2015},
  NUMBER = {5},
  PAGES = {1913--1933},
  DOI = {10.5194/amt-8-1913-2015},
}

@article{gallagani:mesos:15,
  AUTHOR = {V. S. Galligani and C. Prigent and E. Defer and C. Jimenez and 
    P. Eriksson and J.-P. Pinty and , J.P. Chaboureau},
  TITLE = {Meso-scale modelling and radiative transfer simulations of a 
    snowfall event over {France} at microwaves for passive and active modes 
    and evaluation with satellite observations},
  JOURNAL = AMT,
  VOLUME = {8},
  YEAR = {2015},
  NUMBER = {3},
  PAGES = {1605--1616},
  DOI = {10.5194/amt-8-1605-2015},
}

@article{moradi:inter:15,
  author  = {I. Moradi and R. R. Ferraro and P. Eriksson and F. Weng},
  title   = {Intercalibration and validation of observations from {ATMS} and 
             {SAPHIR} microwave sounders},
  journal = I3ETGRS,
  year    = {2015},
  volume  = {53},
  number  = {11},
  pages   = {5915--5925},
  doi     = {10.1109/TGRS.2015.2427165},
}

@article{moradi:retri:15,
  author={I. Moradi and R. R. Ferraro and B. J. Soden and P. Eriksson and 
          P. Arkin},
  title={Retrieving layer-averaged tropospheric humidity from 
          {Advanced Technology Microwave Sounder} water vapor channels},
  journal = I3ETGRS,
  year    = {2015},
  volume  = {53},
  number  = {12},
  pages   = {6675--6688},
  doi     = {10.1109/TGRS.2015.2445832},
}

@article{navas:zeema:15,
  AUTHOR = {F. Navas-Guzm\'an and N. K\"ampfer and A. Murk and R. Larsson and
     S.A. Buehler and P. Eriksson},
  TITLE = {Zeeman effect in atmospheric {O}$_{2}$ measured by ground-based 
    microwave radiometry},
  JOURNAL = AMT,
  VOLUME = {8},
  YEAR = {2015},
  NUMBER = {4},
  PAGES = {1863--1874},
  DOI = {10.5194/amt-8-1863-2015},
}

@article {isoz:inter:15,
  author = {O. Isoz and S. A. Buehler and P. Eriksson},
  title = {Inter-calibration of microwave temperatures sounders using 
      radio occultation measurements},
  journal = JGR,
  VOLUME = {120},
  issn = {3758–-3773},
  doi = {10.1002/2014JD022699},
  year = {2015},
}




%-----------------------------------------------------------------------------
%=   2014
%-----------------------------------------------------------------------------

@article{eriksson:overw:14,
  AUTHOR = {P. Eriksson and B. Rydberg and H. Sagawa  and M. S. Johnston and
            Y. Kasai},
  TITLE = {Overview and sample applications of {SMILES} and {Odin-SMR} 
           retrievals of upper tropospheric humidity and cloud ice mass},
  JOURNAL = ACP,
  VOLUME = {14},
  YEAR = {2014},
  NUMBER = {23},
  PAGES = {12613--12629},
  DOI = {10.5194/acp-14-12613-2014},
}

@article{johnston:diagn:14,
  AUTHOR = {M. S. Johnston and S. Eliasson and P. Eriksson and R. M. Forbes and
            A. Gettelman and P. R\"ais\"anen and M. D. Zelinka},
  TITLE = {Diagnosing the average spatio-temporal impact of convective systems -
         {Part 2: A} model intercomparison using satellite data},
  JOURNAL = ACP,
  VOLUME = {14},
  YEAR = {2014},
  NUMBER = {16},
  PAGES = {8701--8721},
  DOI = {10.5194/acp-14-8701-2014},
}

@article{larsson:atrea:14,
  author  = {R. Larsson and S. A. Buehler and P. Eriksson and
             J. Mendrok},
  title   =  {A treatment of the {Zeeman} effect using {Stokes}
              formalism and its implementation in the
              {Atmospheric Radiative Transfer Simulator ARTS}},
  journal = JQSRT,
  volume  = {133},
  pages   = {445--453},
  year    = {2014},
  doi     = {10.1016/j.jqsrt.2013.09.006},
}

@article{rufenacht:middl:14,
 AUTHOR = {R. R\"ufenacht and A. Murk and N. K\"ampfer and P. Eriksson and 
          S. A. Buehler},
  TITLE = {Middle-atmospheric zonal and meridional wind profiles from polar, 
           tropical and midlatitudes with the ground-based microwave Doppler 
           wind radiometer {WIRA}},
  JOURNAL = AMT,
  VOLUME = {7},
  YEAR = {2014},
  NUMBER = {12},
  PAGES = {4491--4505},
  DOI = {10.5194/amt-7-4491-2014},
}

@article{wu:mlsan:14,
  author  = {D. L. Wu and A. Lambert and W. G. Read and P. Eriksson and 
            J. Gong}, 
  title   = {{MLS and CALIOP} cloud ice measurements in the upper troposphere: 
             A constraint from microwave on cloud microphysics},
  journal = JAMC,
  volume  = {53},
  pages   = {157--165},
  year    = {2014},
  doi     = {10.1175/JAMC-D-13-041.1},
}



%-----------------------------------------------------------------------------
%=   2013
%-----------------------------------------------------------------------------

@article{christensen:times:13,
  AUTHOR  = {O. M. Christensen and P. Eriksson, P.},
  TITLE   = {Time series inversion of spectra from ground-based radiometers},
  JOURNAL = AMT,
  VOLUME = {6},
  YEAR = {2013},
  NUMBER = {7},
  PAGES = {1597--1609},
  DOI = {10.5194/amt-6-1597-2013},
}

@article{galligani:theim:13,
  AUTHOR  = {V. S. Galligani and C. Prigent and E. Defer and C. Jim\'enez and 
             P. Eriksson},
  TITLE   = {The impact of the melting layer on the passive microwave cloud 
             scattering signal observed from satellites: A study using 
             {TRMM} microwave passive and active measurements},
  JOURNAL = JGR,
  YEAR    = {2013},
  volume  = {118},
  number  = {11},
  pages   = {5667--5678},
  issn    = {2169--8996},
  doi     = {10.1002/jgrd.50431},
}

@article{jimenez:submm:13,
  title   = {Sub-millimeter observations of the terrestrial atmosphere during 
             an {Earth} flyby of the {MIRO} sounder on the {Rosetta} 
             spacecraft},
  author  = {C. Jim{\'e}nez and S. Gulkis and G. Beaudin and T. Encrenaz and 
             P. Eriksson and L. Kamp and S. Lee and S. A. Buehler},
  journal = PSS,
  volume  = {82},
  pages   = {99--112},
  year    = {2013},
  DOI     = {10.1016/j.pss.2013.03.016},
}

@article{johnston:diagn:13,
  AUTHOR  = {M. S. Johnston and S. Eliasson and P. Eriksson and 
             R. M. Forbes and K. Wyser and M. D. Zelinka},
  TITLE   = {Diagnosing the average spatio-temporal impact of convective 
            systems -- {Part 1: A} methodology for evaluating climate models},
  JOURNAL = ACP,
  VOLUME  = {13},
  YEAR    = {2013},
  NUMBER  = {23},
  PAGES   = {12043--12058},
  DOI     = {10.5194/acp-13-12043-2013},
}

@article{stahli:micro:13,
  AUTHOR = {O. St\"ahli and A. Murk and N. K\"ampfer and C. M\"atzler and 
            P. Eriksson},
  TITLE = {Microwave radiometer to retrieve temperature profiles from the
           surface to the stratopause},
  JOURNAL = AMT,
  VOLUME  = {6},
  NUMBER  = {9},
  PAGES   = {2477--2494},
  DOI     = {10.5194/amt-6-2477-2013},
  YEAR    = {2013},
}



%-----------------------------------------------------------------------------
%=   2012
%-----------------------------------------------------------------------------

@article{buehler:obser:12,
  AUTHOR  = {S. A. Buehler and E. Defer and F. Evans and S. Eliasson and 
             J. Mendrok and P. Eriksson and C. Lee and C. Jim\'enez and 
             C. Prigent and S. Crewell and Y. Kasai and R. Bennartz and 
             A. J. Gasiewski},
  TITLE   = {Observing ice clouds in the submillimeter spectral range: the 
             {CloudIce} mission proposal for {ESA's Earth Explorer 8}},
  JOURNAL = AMT,
  VOLUME  = {5},
  YEAR    = {2012},
  NUMBER  = {7},
  PAGES   = {1529--1549},
  DOI     = {10.5194/amt-5-1529-2012},
}

@article{forkman:sixye:12,
AUTHOR  = {P. Forkman and O. M. Christensen and P. Eriksson and J. Urban and
           B. Funke},
TITLE   = {Six years of mesospheric {CO} estimated from ground-based 
           frequency-switched microwave radiometry at {57$^\circ$N} compared 
           with satellite instruments},
JOURNAL = AMT,
VOLUME  = {5},
YEAR    = {2012},
NUMBER  = {11},
PAGES   = {2827--2841},
DOI     = {10.5194/amt-5-2827-2012},
}

@article{johnston:there:12,
Author  = {M. Johnston and P. Eriksson and S. Eliasson and C. Jones and 
           R. Forbes and D. Murtagh},
Title   = {The representation of tropical upper tropospheric water in 
           {EC Earth V2}},
Journal = CD,
DOI     = {10.1007/s00382-012-1511-0},
VOLUME  = {39},
pages   = {2713--2731},
YEAR    = {2012},
}



%-----------------------------------------------------------------------------
%=   2011
%-----------------------------------------------------------------------------

@article{buehler:absor:11,
  author    = {S. A. Buehler and P. Eriksson and O. Lemke},  
  title     = {Absorption lookup tables in the radiative transfer model ARTS},
  journal   = JQSRT,
  year      = {2011},
  volume    = {112},
  pages     = {1559--1567},
  doi       = {10.1016/j.jqsrt.2011.03.008},
  copyright = {Elsevier},
}

@article{eliasson:asses:11,
  AUTHOR   = {S. Eliasson and S. A. Buehler and M. Milz and P. Eriksson and 
              V. O. John},
  TITLE    = {Assessing observed and modelled spatial distributions of ice 
              water path using satellite data},
  JOURNAL  = ACP,
  VOLUME   = {11},
  YEAR     = {2011},
  NUMBER   = {1},
  PAGES    = {375--391},
  DOI      = {10.5194/acp-11-375-2011},
}

@article{eriksson:arts2:11,
  author    = {P. Eriksson and S. A. Buehler and C. P. Davis and C. Emde and
               O. Lemke},
  title     = {{ARTS}, the atmospheric radiative transfer simulator, 
               Version 2},
  journal   = JQSRT,
  year      = {2011},
  volume    = {112},
  pages     = {1551--1558},
  doi       = {10.1016/j.jqsrt.2011.03.001},
  copyright = {Elsevier},
}

@article{eriksson:onpol:11,
  AUTHOR  = {P. Eriksson and B. Rydberg and S. A. Buehler},
  TITLE   = {On cloud ice induced absorption and polarisation effects 
             in microwave limb sounding},
  JOURNAL = AMT,
  VOLUME  = {4},
  YEAR    = {2011},
  NUMBER  = {6},
  PAGES   = {1305--1318},
  DOI     = {10.5194/amt-4-1305-2011},
}

@incollection{kunzi:micro:11,
   author    = {K. Kunzi and P. Bauer and R. Eresmaa and P. Eriksson and 
                S. B. Healy and A. Mugnai and N. Livesey and C. Prigent and
                E. A. Smith and G. Stephens},
   title     = {Microwave absorption, emission and scattering: 
                trace gases and meteorological parameters},
   booktitle = {The remote sensing of tropospheric composition from space},
   series    = {Physics of Earth and Space Environments},
   editor    = {J. P. Burrows and U. Platt and P. Borrell},
   publisher = {Springer Berlin Heidelberg},
   isbn      = {978-3-642-14791-3},
   pages     = {153-230},
   doi       = {10.1007/978-3-642-14791-3_4},
   year      = {2011},
}

@article{storelvmo:globa:11,
  AUTHOR  = {T. Storelvmo and C. Hoose and P. Eriksson},
  TITLE   = {Global modeling of mixed-phase clouds: the albedo and lifetime 
             effects of aerosols},
  JOURNAL = JGR,
  VOLUME  = {116},
  YEAR    = {2011},
  PAGES   = {D05207},
  DOI     = {10.1029/2010JD014724},
}



%-----------------------------------------------------------------------------
%=   2010
%-----------------------------------------------------------------------------

@article{buehler:effic:10,
 author  = {S. A. Buehler and V. O. John and A. Kottayil and M. Milz and 
            P. Eriksson},
 title   = {Efficient radiative transfer simulations for a broadband infrared
            radiometer - {C}ombining a weighted mean of representative
            frequencies approach with frequency selection by simulated
            annealing},
 journal = JQSRT,
 volume  = {111},
 pages   = {602--615},
 doi     = {10.1016/j.jqsrt.2009.10.018},
 year    = {2010},
}

@article{eriksson:diurn:10,
  AUTHOR  = {P. Eriksson and B. Rydberg and M. Johnston and D. P. Murtagh and 
             H. Struthers and S. Ferrachat and U. Lohmann},
  TITLE   = {Diurnal variations of humidity and ice water content in the 
             tropical upper troposphere},
  JOURNAL = ACP,
  VOLUME  = {10},
  YEAR    = {2010},
  NUMBER  = {23},
  PAGES   = {11519--11533},
  DOI     = {10.5194/acp-10-11519-2010},
}



%-----------------------------------------------------------------------------
%=   2009
%-----------------------------------------------------------------------------

@article{baron:ho2me:09,
 author  = {P. Baron and E. Dupuy and J. Urban and D. P. Murtagh and 
            P. Eriksson and Y. Kasai},
 title   = {{HO}$_2$ measurements in the stratosphere and the mesosphere from 
            the sub-millimetre limb sounder {Odin/SMR}},
 journal = IJRS,
 volume  = {30},
 number  = {15-16},
 pages   = {4195--4208},
 doi     = {10.1080/01431160902822831}, 
 year    = {2009},
}

@article{haefele:valid:09,
  AUTHOR  = {A. Haefele and E. De Wachter and K. Hocke and N. K\"ampfer and 
             G. E. Nedoluha and R. M. Gomez and P. Eriksson and P. Forkman and
             A. Lambert and M. J. Schwartz},
  TITLE   = {Validation of ground-based microwave radiometers at 22 {GHz} for 
             stratospheric and mesospheric water vapor},
  JOURNAL = JGR,
  VOLUME  = {114},
  YEAR    = {2009},
  PAGES   = {D23305},
  DOI     = {10.1029/2009JD011997},
}

@article{jones:evolu:09,
  AUTHOR  = {A. Jones and J. Urban and D. P. Murtagh and P. Eriksson and 
             S. Brohede and C. Haley and D. Degenstein and A. Bourassa and 
             C. von Savigny and T. Sonkaew and A. Rozanov and H. Bovensmann and 
             J. Burrows},
  TITLE   = {Evolution of stratospheric ozone and water vapour time series 
             studied with satellite measurements},
  JOURNAL = ACP,
  VOLUME  = {9},
  YEAR    = {2009},
  NUMBER  = {16},
  PAGES   = {6055--6075},
  ISSN    = {1680-7316},
  DOI     = {10.5194/acp-9-6055-2009},
}

@article{lossow:winte:09,
  AUTHOR  = {S. Lossow and J. Urban and H. Schmidt and D. R. Marsh and 
             J. Gumbel and P. Eriksson and D. Murtagh},
  TITLE   = {Wintertime water vapor in the polar upper mesosphere and lower 
             thermosphere: first satellite observations by {O}din 
             submillimeter radiometer},
  JOURNAL = JGR,
  VOLUME  = {114},
  YEAR    = {2009},
  PAGES   = {D10304},
  DOI     = {10.1029/2008JD011462},
}

@article{rydberg:nonga:09,
  AUTHOR  = {B. Rydberg and P. Eriksson and S. A. Buehler and D. P. Murtagh},
  TITLE   = {Non-Gaussian Bayesian retrieval of tropical upper tropospheric 
             cloud ice and water vapour from {Odin-SMR} measurements},
  JOURNAL = AMT,
  VOLUME  = {2},
  YEAR    = {2009},
  NUMBER  = {2},
  PAGES   = {621--637},
  URL     = {www.atmos-meas-tech.net/2/621/2009/},
  ISSN    = {1867-1381},
}


%-----------------------------------------------------------------------------
%=   2008
%-----------------------------------------------------------------------------

@article{ekstrom:compa:08,
  AUTHOR  = {M. Ekstr\"om and P. Eriksson and W. G. Read and M. Milz and 
             D. P. Murtagh},
  TITLE   = {Comparison of satellite limb-sounding humidity climatologies of 
             the uppermost tropical troposphere},
  JOURNAL = ACP,
  VOLUME  = {8},
  NUMBER  = {2},
  PAGES   = {309--320},
  URL     = {www.atmos-chem-phys.net/8/309/2008/},
  ISSN    = {1680-7316},
  YEAR    = {2008},
}

@article{ekstrom:altit:08,
  AUTHOR  = {M. Ekstr\"om and P. Eriksson},
  TITLE   = {Altitude resolved ice-fraction in the uppermost tropical 
             troposphere},
  JOURNAL = GRL,
  VOLUME  = {35},
  NUMBER  = {2},
  PAGES   = {L13822},
  DOI     = {10.1029/2008GL034305},
  YEAR    = {2008},
}

@article{eriksson:compa:08,
  AUTHOR  = {P. Eriksson and M. Ekstr\"om and B. Rydberg and D. L. Wu and 
             R. T. Austin and D. P. Murtagh},
  TITLE   = {Comparison between early {Odin-SMR, Aura MLS and CloudSat} 
             retrievals of cloud ice mass in the upper tropical troposphere},
  JOURNAL = ACP,
  VOLUME  = {8},
  NUMBER  = {7},
  PAGES   = {1937--1948},
  URL     = {www.atmos-chem-phys.net/8/1937/2008/},
  ISSN    = {1680-7316},
  YEAR    = {2008},
}

@article{jegou:techn:08,
  AUTHOR = {F. J\'egou and J. Urban and J. de La No\"e and P. Ricaud and 
            E. Le Flochmo\"en and D. P. Murtagh and P. Eriksson and A. Jones and 
            S. Petelina and E. J. Llewellyn and N. D. Lloyd and C. Haley and 
            J. Lumpe and C. Randall and R. M. Bevilacqua and V. Catoire and 
            N. Huret and G. Berthet and J. B. Renard and K. Strong and 
            J. Davies and C. T. Mc Elroy and F. Goutail and J. P. Pommereau},
  TITLE = {Technical Note: {V}alidation of {Odin/SMR} limb observations of 
           ozone, comparisons with {OSIRIS, POAM III}, ground-based and 
           balloon-borne instruments},
  JOURNAL = ACP,
  VOLUME = {8},
  YEAR = {2008},
  NUMBER = {13},
  PAGES = {3385--3409},
  URL = {www.atmos-chem-phys.net/8/3385/2008/},
  ISSN = {1680-7316}
}

@article{lossow:obser:08,
  AUTHOR  = {S. Lossow and J. Urban and J. Gumbel and P. Eriksson and 
             D. Murtagh},
  TITLE   = {Observations of the mesospheric semi-annual oscillation ({MSAO}) 
             in water vapour by {Odin/SMR}},
  JOURNAL = ACP,
  VOLUME  = {8},
  YEAR    = {2008},
  NUMBER  = {21},
  PAGES   = {6527--6540},
  URL     = {www.atmos-chem-phys.net/8/6527/2008/},
  ISSN    = {1680-7316}
}

@article{rosevall:astud:08,
  AUTHOR  = {J. R\"osevall and D. P. Murtagh and J. Urban and W. Feng and
             P. Eriksson and S. Brohede},
  TITLE   = {A study of ozone depletion in the 2004/2005 {Arctic} winter based 
             on data from {Odin/SMR and Aura/MLS}},
  JOURNAL = JGR,
  VOLUME  = {113},
  PAGES   = {D13301},
  DOI     = {10.1029/2007JD009560},
  YEAR    = {2008},
}

@article{seta:press:08,
 author  = {T. Seta and H. Hoshina and Y. Kasai and I. Hosako and C. Otani and
            S. Lossow and J. Urban and M. Ekstr\"om and P. Eriksson and 
            D. P. Murtagh},
 title   = {Pressure broadening coefficients of the water vapor lines at
            556.936 and 752.033 {GHz}},
 journal = JQSRT,
 volume  = {109},
 pages   = {144--150},
 doi     = {10.1016/j.jqsrt.2007.06.004},
 year    = {2008},
}



%-----------------------------------------------------------------------------
%=   2007
%-----------------------------------------------------------------------------

@article{buehler:aconc:07,
  author =	 {S. A. Buehler and C. Jimenez and K. F. Evans and P. Eriksson and 
              B. Rydberg and A. J. Heymsfield and C. Stubenrauch and 
              U. Lohmann and C. Emde and V. O. John and
              T. R. Sreerekha and C. P. Davis},
  title    = {A concept for a satellite mission to measure cloud ice water 
              path and ice particle size},
  journal  = QJRMS,
  volume   = {133},
  number   = {S2},
  pages    = {109--128},
  doi      = {10.1002/qj.143},
  year     = {2007},
}

@article{buehler:aclou:07,
 AUTHOR   = {S. A. Buehler and M. Kuvatov and T. R. Sreerekha and 
             V. O. John and B. Rydberg and P. Eriksson and J. Notholt},
 TITLE    = {A cloud filtering method for microwave upper tropospheric humidity 
             measurements},
 JOURNAL  = ACP,
 VOLUME   = {7},
 NUMBER   = {21},
 PAGES    = {5531--5542},
 URL      = {www.atmos-chem-phys.net/7/5531/2007/},
 YEAR     = {2007},
}

@article{ekstrom:first:07,
 author  = {M. Ekstr\"om and P. Eriksson and B. Rydberg and D. P. Murtagh},
 title   = {First {Odin} sub-mm retrievals in the tropical upper troposphere:
            humidity and cloud ice signals},
 journal = ACP,
 volume  = {7},
 number  = {2},
 pages   = {459--469},
 url     = {www.atmos-chem-phys.net/7/459/2007/},
 year    = {2007},
}

@article{eriksson:first:07,
 author  = {P. Eriksson and M. Ekstr\"om and B. Rydberg and D. P. Murtagh},
 title   = {First {Odin} sub-mm retrievals in the tropical upper troposphere:
            ice cloud properties},
 journal = ACP,
 volume  = {7},
 number  = {2},
 pages   = {471--483},
 url     = {www.atmos-chem-phys.net/7/471/2007/},
 year    = {2007},
}

@article{jimenez:perfo:07,
  author  = {C. Jimenez and S. A. Buehler and B. Rydberg and
             P. Eriksson and K. F. Evans}, 
  title   = {Performance simulations for a submillimetre wave
             cloud ice satellite instrument},
  journal = QJRMS,
  volume  =	{133},
  number  =	{S2},
  pages   =	{129--149},
  doi     = {10.1002/qj.134},
  year    = {2007},
}

@article{jones:inter:07,
 author  = {A. Jones and D. Murtagh and J. Urban and P. Eriksson and 
            J. R\"osevall},
 title   = {Intercomparison of {Odin/SMR} ozone measurements with {MIPAS} and 
            balloon sonde data},
 journal = CJP,
 volume  = {85},
 number  = {11},
 pages   = {1111--1123},
 doi     = {10.1139/P07-118},
 year    = {2007},
}

@article{lossow:criti:07,
 author  = {S. Lossow and J. Urban and P. Eriksson and D. Murtagh and 
            J. Gumbel},
 title   = {Critical parameters for the retrieval of mesospheric water vapour
            and temperature from Odin/SMR limb measurements at 557 {GHz}},
 journal = ASR,
 volume  = {40},
 pages   = {835--845},
 doi     = {10.1016/j.asr.2007.05.026},
 year    = {2007},
}

@article{rydberg:predi:07,
 author  = {B. Rydberg and P. Eriksson and S. A. Buehler},
 title   = {Prediction of cloud ice signatures in sub-mm emission spectra 
            by means of ground-based radar and in-situ microphysical data},
 journal = QJRMS,
 volume  = {133},
 number  = {S2},
 pages   = {151--162},
 doi     = {10.1002/qj.151},
 year    = {2007},
}

@article{urban:globa:07,
 author  = {J. Urban and N.  Lauti\'e and D. P.  Murtagh and P. Eriksson and
            Y. Kasai and S. Lossow and E. Dupuy and J. De La No\"e and
            U. Frisk and M. Olberg and  E. Le Flochmo\"en and P. Ricaud},
 title   = {Global observations of middle atmospheric water vapour by the 
            {Odin} satellite: an overview},
 journal = PSS,
 volume  = {55},
 number  = {9},
 pages   = {1093--1102},
 doi     = {10.1016/j.pss.2006.11.021},
 year    = {2007},
}



%-----------------------------------------------------------------------------
%=   2006
%-----------------------------------------------------------------------------

@article{barret:inter:06,
 author  = {B. Barret and P. Ricaud and M. Santee and J. -L. Attie and
            J. Urban and E. Le Flochmo\"en and G. Berthet and D. P. Murtagh and
            P. Eriksson and A. Jones and J. De La No\"e and E. Dupuy and
            L. Froideveaux and N. J. Livesey and J. W. Waters and 
            M. J. Filipiak},
 title   = {Intercomparisons of trace gases profiles from the {Odin/SMR} and 
            {Aura/MLS} limb sounders},
 journal = JGR,
 volume  = {111},
 number  = {D21},
 pages   = {D21302},
 doi     = {10.1029/2006JD007305},
 year    = {2006},
}

@article{buehler:recen:06,
 author  = {S. A. Buehler and von Engeln, A. and E. Brocard and
            V. O. John and T. Kuhn and P. Eriksson},
 title   = {Recent developments in the line-by-line modeling of
            outgoing longwave radiation},
 journal = JQSRT,
 volume  = {98},
 number  = {3},
 pages   = {446--457},
 doi     = {10.1016/j.jqsrt.2005.11.001}, 
 year    = {2006},
}

@article{eriksson:effic:06,
 author  = {P. Eriksson and M. Ekstr\"om and S. A. Buehler and C. Melsheimer},
 title   = {Efficient forward modelling by matrix representation of sensor 
            responses},
 journal = IJRS,
 volume  = {27},
 number  = {9--10},
 pages   = {1793--1808},
 doi     = {10.1080/01431160500447254}, 
 year    = {2006},
}

@article{john:under:06,
 author = {V. O. John and S. A. Buehler and von Engeln, A. and
           P. Eriksson and T. Kuhn and E. Brocard and
           G. Koenig-Langlo}, 
 title   = {Understanding the variability of clear-sky outgoing
            long-wave radiation based on ship-based temperature
            and water vapor measurements}, 
 journal = QJRMS,
 volume  = {132},
 number  = {621},
 pages   = {2675--2691},
 doi     = {10.1256/qj.05.70}, 
 year    = {2006},
}



%-----------------------------------------------------------------------------
%=   2005
%-----------------------------------------------------------------------------

@article{buehler:artst:05,
 author  = {S. A. Buehler and P. Eriksson and T. Kuhn and A. von Engeln and 
            C. Verdes},
 title   = {{ARTS, the Atmospheric Radiative Transfer Simulator}},
 journal = JQSRT,
 volume  = {91},
 pages   = {65--93},
 doi     = {10.1016/j.jqsrt.2004.05.051},
 year    = {2005},
}

@article{buehler:theex:05,
 author  = {S. A. Buehler and C. L. Verdes and S. Tsujimaru and
            A. Kleinboehl and H. Bremer and M. Sinnhuber and P. Eriksson},
 title   = {{Expected performance of the Superconducting Submillimeter-wave 
            Limb Emission Sounder compared with aircraft data}},
 journal = RS,
 volume  = {40},
 number  = {3},
 doi     = {10.1029/2004RS003089},
 year    = {2005},
}

@article{eriksson:qpack:05,
 author  = {P. Eriksson and C. Jim\'enez and S. A. Buehler},
 title   = {{Qpack, a tool for instrument simulation and retrieval work}},
 journal = JQSRT,
 volume  = {91},
 pages   = {47--64},
 doi     = {10.1016/j.jqsrt.2004.05.050},
 year    = {2005},
}

@article{forkman:obser:05,
 author  = {P. Forkman and P. Eriksson and D. Murtagh},
 title   = {Observing the vertical branch of the mesospheric circulation 
            at lat {N} 60$^\circ$ using ground based measurements of {CO} and 
            {H$_2$O}},
 journal = JGR,
 volume  = {110},
 pages   = {D05107},
 doi     = {10.1029/2004JD004916},
 year    = {2005},
}

@article{jimenez:aprac:05,
 author  = {C. Jim\'enez and P. Eriksson and V. O. John and S. A. Buehler},
 title   = {A demonstration of {AMSU} retrieval precision for mean upper 
            tropospheric humidity by a non-linear multi-channel regression 
            method},
 journal = ACP,
 volume  = {5},
 pages   = {451--459},
 year    = {2005},
 html-fullfile = {www.atmos-chem-phys.net/5/451/2005/},
}

@article{melsheimer:inter:05,
 author  = {C. Melsheimer and C. Verdes and S. A. Buehler and C. Emde and 
            P. Eriksson and D. G. Feist and S. Ichizawa and V. O. John and 
            Y. Kasai and G. Kopp and N. Koulev and T. Kuhn and O. Lemke and 
            S. Ochiai and F. Schreier and T. R. Sreerekha and M. Suzuki and 
            C. Takahashi and S. Tsujimaru and J. Urban},
 title   = {Intercomparison of general purpose clear sky atmospheric radiative
            transfer models for the millimeter/submillimeter spectral range},
 journal = RS,
 volume  = {40},
 pages   = {RS1007},
 doi     = {10.1029/2004RS003110},
 year    = {2005},
}

@article{ricaud:polar:2005,
 author = {P. Ricaud and F. Lef\'evre and G. Berthet and D. Murtagh and 
           E.J. Llewellyn and G. M\'egie and E. Kyr\"ol\"a and W. Leppelmeier 
           and H. Auvinen and C. Boonne and S. Brohede and D.A. Degenstein 
           and J. de La No\"e and E. Dupuy and L. El Amraoui and P. Eriksson 
           and W.F.J. Evans and U. Frisk and R.L. Gattinger and F. Girod 
           and C.S. Haley and S. Hassinen and A. Hauchecorne and C. Jim\'enez
           and E. Kyr\"o and N. Lauti\'e and E. Le Flochmo\"en and 
           N.D. Lloyd and J.C. McConnell and I.C. McDade and L. Nordh and 
           M. Olberg and S.V. Petelina and A. Sandqvist and A. Sepp\"al\"a 
           and C.E. Sioris and B.H. Solheim and J. Stegman and K. Strong 
           and P. Taalas and J. Urban and C. von Savigny and F. von Scheele
           and G. Witt},
  title = {{Polar vortex evolution during the 2002 Antarctic major warming 
               as observed by the Odin satellite}},
  journal = JGR,
  volume  = {110},
  pages   = {D05302},
  doi     = {10.1029/2004JD005018},
  year    = {2005},
}

@article{urban:odins:05-a,
 author  = {J. Urban and N. Lauti\'e and E. Le Flochmo\"en and 
	        C. Jim\'enez and P. Eriksson and J. de La No\"e and 
	        E. Dupuy and L. El Amraoui and U. Frisk and F. J\'egou and 
	        D. Murtagh and M. Olberg and P. Ricaud and C. Camy-Peyret and 
	        G. Dufour and S. Payan and N. Huret and M. Pirre and 
	        A. D. Robinson and N. R. P. Harris and H. Bremer and 
	        A. Kleinb\"ohl and K. K\"ullmann and K. K\"unzi and 
	        J. Kuttippurath and M. K. Ejiri and H. Nakajima and 
	        Y. Sasano and T. Sugita and T. Yokota and C. Piccolo and 
	        P. Raspollini and M. Ridolfi},
 title   = {{Odin/SMR limb observations of stratospheric trace gases: 
            validation of N$_2$O}},
 journal = JGR,
 month   = {May},
 volume  = {110},
 number  = {D9},
 pages   = {D09301},
 doi     = {10.1029/2004JD005394},
 year    = {2005},
}

@article{urban:odins:05-b,
 author  = 	 {J. Urban and N. Lauti\'e  and E. {Le Flochmo\"en} and 
              C. Jim\'enez and  P. Eriksson and   E. Dupuy and 
              L. {El Amraoui} and M. Ekstr\"om and U. Frisk and D. Murtagh and 
              J. {de La No\"e} and  M. Olberg and P. Ricaud}, 
  title  = 	 {{Odin/SMR} Limb Observations of Stratospheric Trace Gases: 
                   level 2 Processing of {ClO, N$_2$O, O$_3$, and HNO$_3$}},
 journal = JGR,
 month   = {July},
 volume  = {110},
 pages   = {D14307},
 doi     = {10.1029/2004JD005741},
 year    = {2005},
}

@article{wang:compa:05,
 author  = {D.Y. Wang and  G.P. Stiller and T. {von Clarmann} and 
            H. Fischer and  N. Glatthor and U. Grabowski and M. H\"opfner and 
            S. Kellmann and M. Kiefer and A. Linden and G. {Mengistu Tsidu} and
            M. Milz and T. Steck and S. Wohnsiedler and M. {Lopez-Puertas} and
            B. Funke and S. Gil-Lopez and M. Kaufmann and M.L. Koukouli and 
            D. Murtagh and N. Lauti\'e and C. Jim\'enez and A. Jones and
            P. Eriksson and J. Urban and J. {de La No\"e} and  
            E. {Le Flochmoen} and E. Dupuy and P. Ricaud and M. Olberg and
            U. Frisk and J. {Russell III} and E. Remsberg},
 title   = {{Comparisons of MIPAS/ENVISAT ozone profiles with SMR/ODIN
            and HALOE/UARS observations}},
 journal = ASR,
 volume  = {36},
 number  = {5},
 pages   = {927--931},
 doi     = {10.1016/j.asr.2005.03.015},
 year    = {2005},
}



%-----------------------------------------------------------------------------
%=   2004
%-----------------------------------------------------------------------------

@article{dupuy:strat:04,
 author  = {E. Dupuy and J. Urban and P. Ricaud and E. Le Flochmo\"en and
            N. Lauti\'e and D. Murtagh and J. de la N\"oe and L. El Amraoui and
            P. Eriksson and P. Forkman and U. Frisk and F. J\'egou and  and
            C. Jim\'enez and M. Olberg },
 title   = {Strato-mesospheric measurements of carbon monoxide with the {Odin}
            sub-millimetre radiometer: retrieval and first results},
 journal = GRL,
 volume  = {31},
 pages   = {L20101},
 doi     = {10.1029/2004GL020558},
 year    = {2004},
}

@article{emde:apoli:04,
  author =	{C. Emde and S. A. Buehler and C. Davis and P. Eriksson and 
             T. R. Sreerekha and C. Teichmann},
  title  =	{A polarized discrete ordinate scattering model for simulations 
             of limb and nadir longwave measurements in {1D/3D} spherical 
             atmospheres}, 
  journal = JGR,
  volume  = {109(D24)},
  pages   = {D24207},
  doi     = {10.1029/2004JD005140},
  year    =	{2004},
}

@article{emde:theef:04,
 author  = {C. Emde and S. A. Buehler and P. Eriksson and T. R. Sreerekha},
 title   = {The effect of cirrus clouds on limb radiances},
 journal = AR,
 volume  = {72},
 pages   = {383--401},
 doi     = {10.1016/j.atmosres.2004.03.023},
 year    = {2004},
}

@article{haley:retri:04,
 author  = {C. S. Haley and S. M. Brohede and C. E. Sioris and E. Griffioen and
            D. P. Murtagh and I. C. McDade and P. Eriksson and 
            E. J. Llewellyn and A. Bazureau and F. Goutail},
 title   = {Retrievals of stratospheric {O}$_{3}$ and {NO}$_{2}$ profiles from 
           {Odin Optical Spectrograph and InfraRed Imager System (OSIRIS)} 
            limb-scattered sunlight measurements},
 journal = JGR,
 volume  = {109},
 pages   = {D16303},
 doi     = {10.1029/2004JD004588},
 year    = {2004},
}

@article{urban:theno:04,
 author  = {J. Urban and N. Lauti\'e and E. Le Flochmo\"en and D. Murtagh and 
            P. Ricaud and
            J. de La No\"e and E. Dupuy and A. Drouin and L. El Amraoui and
            P. Eriksson and U. Frisk and C. Jim\'enez and E. Kyr\"ol\"a and
            E.J. Llewellyn and G. M\'egie and L. Nordh and M. Olberg},
 title   = {The northern hemisphere stratospheric vortex during the 2002-03 
            winter: subsidence, chlorine activation and ozone loss observed 
            by the {O}din sub-millimetre radiometer},
 journal = GRL,
 volume  = {31},
 pages   = {L07103},
 doi     = {10.1029/2003GL019089},
 year    = {2004},
}



%-----------------------------------------------------------------------------
%=   2003
%-----------------------------------------------------------------------------

@article{eriksson:measu:03,
 author  = {P. Eriksson and C. Jim\'enez and D. Murtagh and G. Elgered and
            T. Kuhn and S. B\"uhler},  
 title   = {Measurement of tropospheric/stratospheric transmission at 10--35 
            {GH}z for {H$_2$O} retrieval in {LEO} links},
 journal = RS,
 volume  = {38(4)},
 pages   = {8069}, 
 doi     = {10.1029/2002RS002638},
 year    = {2003},
}

@article{forkman:longe:03,
 author  = {P. Forkman and P. Eriksson and A. Winnberg and R.R. Garcia and
            D. Kinnison},  
 title   = {Longest continuous ground-based measurements of mesospheric {CO}},
 journal = GRL,
 volume  = {30(10)},
 pages   = {1532}, 
 doi     = {10.1029/2003GL016931}, 
 year    = {2003},
}

@article{forkman:the22:03,
 author  = {P. Forkman and P. Eriksson and A. Winnberg},
 title   = {The 22 {GH}z Radio-aeronomy receiver at {Onsala Space
            Observatory}},
 journal = JQSRT,
 volume  = {77},
 pages   = {23--42},
 doi     = {10.1016/S0022-4073(02)00073-0},
 year    = {2003},
}

@article{jimenez:first:03,
 author  = {C. Jimenez and P. Eriksson and D. Murtagh},  
 title   = {First inversions of observed sub-millimetre limb
             sounding radiances by neural networks},
 journal = JGR,
 volume  = {108(D24)},
 pages   = {4791},
 doi     = {10.1029/2003JD003826}, 
 year    = {2003},
}

@article{jimenez:inver:03,
 author  = {C. Jim\'enez and P. Eriksson and D. Murtagh},
 title   = {Inversion of {O}din limb sounding sub-millimeter observations 
            by a neural network technique},
 journal = RS,
 volume  = {38(4)},
 pages   = {8062}, 
 doi     = {10.1029/2002RS002644}, 
 year    = {2003},
}



%-----------------------------------------------------------------------------
%=   2002
%-----------------------------------------------------------------------------

@article{baron:studi:02,
 author  = {P. Baron and P. Ricaud and J. de La No\"e and
            P. Eriksson and F. Merino and D. Murtagh},
 title   = {Studies for the {Odin} sub-millimetre radiometer:
            2. {R}etrieval methodology},
 journal = CJP,
 volume  = {80},
 pages   = {341--356},
 year    = {2002},
 html-abstract = {www.nrc.ca/cgi-bin/cisti/journals/rp/rp2_abst_e?cjp_p01-150_80_ns_nf_cjpS1-02},
}

@article{eriksson:stati:02,
 author  = {P. Eriksson and D. Chen},
 title   = {Statistical parameters derived from ozonesonde data of importance
            for passive remote sensing of ozone},
 journal = IJRS,
 volume  = {23},
 pages   = {4945--4963},
 doi     = {10.1080/01431160110111036},
 year    = {2002},
}

@article{eriksson:ahote:02,
 author  = {P. Eriksson and C. Jim\'enez and S. B\"uhler and D. Murtagh},
 title   = {A {H}otelling transformation approach for rapid inversion of
            atmospheric spectra},
 journal = JQSRT,
 volume  = {73},
 pages   = {529--543},
 doi     = {10.1016/S0022-4073(01)00175-3},
 year    = {2002},
}

@article{eriksson:studi:02,
 author  = {P. Eriksson and F. Merino and D. Murtagh and P. Baron and
            P. Ricaud and J. de La No\"e},
 title   = {Studies for the {O}din sub-millimetre radiometer:
            1. {R}adiative transfer and instrument simulation},
 journal = CJP,
 volume  = {80},
 pages   = {321--340},
 year    = {2002},
 html-abstract = {www.nrc.ca/cgi-bin/cisti/journals/rp/rp2_abst_e?cjp_p02-024_80_ns_nf_cjpS1-02},
}

@article{merino:studi:02,
 author  = {F. Merino and D. Murtagh and  P. Eriksson and P. Baron and
            P. Ricaud and J. de La No\"e},
 title   = {Studies for the {O}din sub-millimetre radiometer:
            3. {P}erformance simulations},
 journal = CJP,
 volume  = {80},
 pages   = {357--373},
 year    = {2002},
 html-abstract = {www.nrc.ca/cgi-bin/cisti/journals/rp/rp2_abst_e?cjp_p01-154_80_ns_nf_cjpS1-02},
}

@article{murtagh:anove:02,
 author  = {D. Murtagh and U. Frisk and F. Merino and M. Ridal and A. Jonsson
            and J. Stegman and G. Witt and P. Eriksson and C. Jim\'enez and
            G. Megie and J. de La No\"e and P. Ricaud and P. Baron and
            J. R. Pardo and A. Hauchcorne and E. J. Llewellyn and
            D. A. Degenstein and R. L. Gattinger and N. D. Lloyd and
            W. F. J. Evans and I. C. McDade and C.S. Haley and C. Sioris and
            C. von Savigny and B. H. Solheim and J. C. McConnell and K. Strong
            and E. H. Richardson and G. W. Leppelmeier and E. Kyr\"ol\"a and
            H. Auvinen and L. Oikarinen},
 title   = {An overview of the {O}din atmospheric mission},
 journal = CJP,
 volume  = {80},
 pages   = {309--319},
 year    = {2002},
 html-abstract = {www.nrc.ca/cgi-bin/cisti/journals/rp/rp2_abst_e?cjp_p01-157_80_ns_nf_cjpS1-02},
}

@article{verdes:point:02,
 author  = {C. Verdes and S. B\"uhler and A. von Engeln and K. K\"unzi and
            P. Eriksson and B. -M. Sinnhuber},
 title   = {Pointing and temperature retrieval from millimeter/sub-millimeter
            limb soundings},
 journal = JGR,
 volume  = {107(D16)},
 pages   = {4299},
 doi     = {10.1029/2001JD000777}, 
 year    = {2002},
}



%-----------------------------------------------------------------------------
%=   2001
%-----------------------------------------------------------------------------

@article{jimenez:aneur:01,
 author  = {C. Jim\'enez and P. Eriksson},
 title   = {A neural network technique for inversion of atmospheric
            observations from microwave limb sounders},
 journal = RS,
 volume  = {36},
 pages   = {941--953},
 year    = {2001},
 html-fullfile = {www.agu.org/journals/rs/rs0105/2000RS002561/pdf/2000RS002561.pdf},
}



%-----------------------------------------------------------------------------
%=   2000
%-----------------------------------------------------------------------------

@article{eriksson:analy:00,
 author  = {P. Eriksson},
 title   = {Analysis and comparison of two linear regularization
	        methods for passive atmospheric observations},
 journal = JGR,
 volume  = {105(D14)},
 pages   = {18157--18167},
 year    = {2000},
 html-fullfile = {www.agu.org/journals/jd/jd0014/2000JD900172/pdf/2000JD900172.pdf},
}
 
